<record><leader>02302nam a2200385 i 4500</leader><controlfield tag="001">6812785</controlfield><controlfield tag="003">FlBoTFG</controlfield><controlfield tag="005">20150218112339.0</controlfield><controlfield tag="006">m|||||o||d||||||||</controlfield><controlfield tag="007">cr||||</controlfield><controlfield tag="008">150218t20152015fluad   ob    001 0 eng d</controlfield><datafield ind1=" " ind2=" " tag="020"><subfield code="a">9781482256666 (e-book : PDF)</subfield></datafield><datafield ind1=" " ind2=" " tag="035"><subfield code="a">ocn903245781</subfield></datafield><datafield ind1=" " ind2=" " tag="039"><subfield code="a">exclude</subfield></datafield><datafield ind1=" " ind2=" " tag="040"><subfield code="a">FlBoTFG</subfield><subfield code="b">eng</subfield><subfield code="c">FlBoTFG</subfield><subfield code="e">rda</subfield><subfield code="d">AEU</subfield></datafield><datafield ind1=" " ind2="4" tag="050"><subfield code="a">T55</subfield><subfield code="b">.Y38 2015</subfield></datafield><datafield ind1=" " ind2=" " tag="090"><subfield code="a">Internet Access</subfield><subfield code="b">AEU</subfield></datafield><datafield ind1="1" ind2=" " tag="100"><subfield code="a">Yates, W. David,</subfield><subfield code="e">author.</subfield></datafield><datafield ind1="1" ind2="0" tag="245"><subfield code="a">Safety professional's reference and study guide /</subfield><subfield code="c">W. David Yates.</subfield></datafield><datafield ind1=" " ind2=" " tag="250"><subfield code="a">Second edition.</subfield></datafield><datafield ind1=" " ind2="1" tag="264"><subfield code="a">Boca Raton :</subfield><subfield code="b">CRC Press,</subfield><subfield code="c">[2015]</subfield></datafield><datafield ind1=" " ind2="4" tag="264"><subfield code="c">&#169;2015</subfield></datafield><datafield ind1=" " ind2=" " tag="300"><subfield code="a">1 online resource.</subfield></datafield><datafield ind1=" " ind2=" " tag="336"><subfield code="a">text</subfield><subfield code="b">txt</subfield><subfield code="2">rdacontent</subfield></datafield><datafield ind1=" " ind2=" " tag="337"><subfield code="a">computer</subfield><subfield code="b">c</subfield><subfield code="2">rdamedia</subfield></datafield><datafield ind1=" " ind2=" " tag="338"><subfield code="a">online resource</subfield><subfield code="b">cr</subfield><subfield code="2">rdacarrier</subfield></datafield><datafield ind1=" " ind2=" " tag="504"><subfield code="a">Includes bibliographical references (pages) and index.</subfield></datafield><datafield ind1="0" ind2=" " tag="505"><subfield code="a">The safety profession and preparing for the ASP/CSP exam -- Regulations -- Math review -- Particulates and gases -- Toxicology -- Industrial hygiene air sampling -- Ventilation -- Noise and hearing conservation program -- Biological hazards -- Fire protection and prevention -- Thermal stressors -- Personal protective equipment -- Statistics for the safety professional -- Electrical safety -- Mechanics -- Hydrostatics and hydraulics -- Training -- Engineering economics -- Management theories -- Accident causation and investigation techniques -- Workers' compensation -- Ergonomics -- Construction safety -- Risk management -- Hazardous materials management -- Radiation safety -- Behavior-based safety -- Measuring health and safety performance -- Safety program auditing techniques and checklists -- Environmental management -- OSHA's laboratory safety standard (29 CFR 1910.1450) -- OSHA's process safety management standard -- BCSP code of ethics.</subfield></datafield><datafield ind1=" " ind2=" " tag="506"><subfield code="a">Access restricted to authorized users and institutions.</subfield></datafield><datafield ind1=" " ind2=" " tag="596"><subfield code="a">44</subfield></datafield><datafield ind1=" " ind2="0" tag="650"><subfield code="a">Industrial safety</subfield><subfield code="x">Examinations</subfield><subfield code="v">Study guides.</subfield></datafield><datafield ind1=" " ind2="7" tag="655"><subfield code="a">Electronic books.</subfield><subfield code="2">lcsh</subfield></datafield><datafield ind1="4" ind2="0" tag="856"><subfield code="3">University of Alberta Access</subfield><subfield code="u">http://marc.crcnetbase.com/isbn/9781482256666</subfield><subfield code="z">(Unlimited Concurrent Users)</subfield></datafield><datafield ind1=" " ind2=" " tag="949"><subfield code="h">UAIN</subfield><subfield code="z">CRC</subfield></datafield><datafield ind1=" " ind2=" " tag="926"><subfield code="a">Internet Access</subfield><subfield code="w">LC</subfield><subfield code="c">1</subfield><subfield code="i">6812785-1001</subfield><subfield code="l">INTERNET</subfield><subfield code="m">UAINTERNET</subfield><subfield code="r">Y</subfield><subfield code="s">Y</subfield><subfield code="t">E-RESOURCE</subfield><subfield code="u">2/26/2015</subfield><subfield code="x">E-BOOK</subfield><subfield code="z">CRC</subfield></datafield></record>